@INCOLLECTION{Adams2002,
  author = {Peter Adams},
  title = {Technology in Publishing: {A} Century of Progress},
  booktitle = {Scholarly Publishing: {B}ooks, Journals, Publishers, and Libraries
	in the Twentieth Century},
  publisher = {Wiley},
  year = {2002},
  editor = {Abel, R. and Newlin, L. W.},
  address = {New York}
}

@ARTICLE{Anthes2012,
  author = {Anthes, Gary},
  title = {{HTML5} Leads a Web Revolution.},
  journal = {Communications of the ACM},
  year = {2012},
  volume = {55},
  pages = {16 - 17},
  number = {7},
  doi = {10.1145/2209249.2209256},
  keywords = {HYPERTEXT systems, DOCUMENT markup languages, HTML (Document markup
	language), JAVASCRIPT (Computer program language), PROGRAMMING languages
	(Electronic computers), SCRIPTING languages (Computer science)}
}

@ARTICLE{Bazalgette2013,
  author = {Bazalgette, Cary and Buckingham, David},
  title = {Literacy, media and multimodality: {A} critical response},
  journal = {Literacy},
  year = {2013},
  volume = {47},
  pages = {95 - 102},
  number = {2},
  doi = {10.1111/j.1741-4369.2012.00666.x}
}

@ARTICLE{Bezemer2011,
  author = {Bezemer, Jeff and Mavers, Diane},
  title = {Multimodal transcription as academic practice: A social semiotic
	perspective},
  journal = {International Journal of Social Research Methodology: {T}heory \&
	Practice},
  year = {2011},
  volume = {14},
  pages = {191 - 206},
  number = {3},
  doi = {10.1080/13645579.2011.563616}
}

@INCOLLECTION{Dill2002,
  author = {Dill, J. F.},
  title = {The Creative Role of the Professional or {STM} Publisher},
  booktitle = {Scholarly Publishing: {B}ooks, Journals, Publishers, and Libraries
	in the Twentieth Century},
  publisher = {Wiley},
  year = {2002},
  editor = {Abel, R. and Newlin, L. W.},
  address = {New York}
}

@ARTICLE{Guns2013,
  author = {Guns, Raf},
  title = {Tracing the origins of the semantic web},
  journal = {Journal of the American Society for Information Science \& Technology},
  year = {2013},
  volume = {64},
  pages = {2173 - 2181},
  number = {10},
  doi = {10.1002/asi.22907}
}

@ARTICLE{Knapton2013,
  author = {Knapton, Olivia},
  title = {Publishing in Multimodal Formats: {O}pportunities and Challenges},
  journal = {TESOL Quarterly},
  year = {2013},
  volume = {47},
  pages = {856 - 866},
  number = {4},
  doi = {10.1002/tesq.143}
}

@ARTICLE{Lie1999,
  author = {Lie, H. W. and Saarela, J.},
  title = {Multipurpose Web Publishing USING {HTML, XML, and CSS}},
  journal = {Communications of the ACM},
  year = {1999},
  volume = {42},
  pages = {95 - 101},
  number = {10},
  doi = {10.1145/317665.317681}
}

@INCOLLECTION{Lynch1996,
  author = {Clifford A. Lynch},
  title = {Integrity Issues in Electronic Publishing},
  booktitle = {Scholarly Publishing: {T}he Electronic Frontier},
  publisher = {{MIT} Press},
  year = {1996},
  editor = {Peek, R. P. and Newby, G. B.},
  address = {Cambridge, MA},
  shorttitle = {Scholarly Publishing}
}

@INCOLLECTION{Malinowski2011,
  author = {David Malinowski and Mark Evan Nelson},
  title = {What Now for Language in a Multimedial World?},
  booktitle = {Transforming literacies and language: {M}ultimodality and literacy
	in the new media age},
  publisher = {Continuum International Publishing},
  year = {2011},
  editor = {Ho, C. M. L. and Leong, A. P and Anderson, K. T},
  address = {London}
}

@INCOLLECTION{Nielsen1995a,
  author = {Nielsen, Jakob},
  title = {Defining Hypertext, Hypermedia, and Multimedia},
  booktitle = {Multimedia and Hypertext: {T}he {I}nternet and Beyond},
  publisher = {Academic Press},
  year = {1995},
  address = {Boston, MA}
}

@INCOLLECTION{Nielsen1995b,
  author = {Nielsen, Jakob},
  title = {Hypertext on the {I}nternet},
  booktitle = {Multimedia and Hypertext: {T}he {I}nternet and Beyond},
  publisher = {Academic Press},
  year = {1995},
  address = {Boston, MA}
}

@INCOLLECTION{Oda2002,
  author = {Stephanie Oda},
  title = {Growth and change in tradebook publishing: {W}hat {I} learned from
	the numbers},
  booktitle = {Scholarly Publishing: {B}ooks, Journals, Publishers, and Libraries
	in the Twentieth Century},
  publisher = {Wiley},
  year = {2002},
  editor = {Abel, R. and Newlin, L. W.},
  address = {New York}
}

@INCOLLECTION{Peek1996a,
  author = {Peek, R. P.},
  title = {Scholarly Publishing, Facing the New Frontiers},
  booktitle = {Scholarly Publishing: {T}he Electronic Frontier},
  publisher = {{MIT} Press},
  year = {1996},
  editor = {Peek, R. P. and Newby, G. B.},
  address = {Cambridge, MA},
  shorttitle = {Scholarly Publishing}
}

@ARTICLE{Pierce2012,
  author = {Pierce, J. L.},
  title = {Using Geosemiotic Analysis to Explore Power and Interaction in {ESL}
	Classrooms.},
  journal = {The Electronic Journal for English as a Second Language },
  year = {2012},
  volume = {16},
  pages = {1 - 17},
  number = {1}
}

@ARTICLE{Raman2009,
  author = {Raman, T. V.},
  title = {Toward 2\textsuperscript{w}, Beyond Web 2.0.},
  journal = {Communications of the ACM},
  year = {2009},
  volume = {52},
  pages = {52 - 59},
  number = {2},
  doi = {10.1145/1461928.1461945}
}

@BOOK{McNeil2005,
  title = {Gesture \& Thought},
  publisher = {University Of Chicago Press},
  year = {2005},
  author = {{McNeil}, D.},
  address = {Chicago},
  owner = {trinker},
  timestamp = {2013.11.14}
}

@BOOK{McNeil1996,
  title = {Hand and Mind: {W}hat Gestures Reveal about Thought},
  publisher = {University of Chicago Press},
  year = {1996},
  author = {McNeil, D.},
  address = {Chicago},
  owner = {trinker},
  timestamp = {2013.11.14}
}

@INCOLLECTION{Norris2009,
  author = {Norris, S.},
  title = {Modal density and modal configurations: {M}ultimodal actions},
  booktitle = {The {R}outledge Handbook of Multimodal Analysis},
  publisher = {Routledge},
  year = {2009},
  editor = {Jewitt, C.},
  pages = {78-90},
  address = {New York},
  owner = {trinker},
  timestamp = {2013.05.05}
}

@BOOK{Norris2004,
  title = {Analyzing Multimodal Interaction: {A} Methodological Framework},
  publisher = {Routledge},
  year = {2004},
  author = {Norris, S.},
  address = {New York},
  owner = {trinker},
  timestamp = {2013.11.06}
}
